@article{baaaath,
 title = {The state of naming conventions in {R}},
 author = {B{\aa}{\aa}th, Rasmus},
 journal = {The R journal},
 volume = {4},
 number = {2},
 pages = {74--75},
 year = {2012},
 publisher = {R Foundation for Statistical Computing}
}

@article{elish,
  title={The adherence of open source {J}ava programmers to standard coding practices},
  author={Elish, Mahmoud Omar and Offutt, Jeff},
  year={2002}
}

@article{wang,
  title={The Effects of Programming Style on Open Source Collaboration},
  author={Wang, Zhiyi and Hahn, Jungpil},
  year={2017},
  url={https://aisel.aisnet.org/icis2017/DigitalPlatforms/Presentations/22/}
}

@manual{google,
  title={Google's {R} Style Guide},
  author={Google},
  year={2019},
  url={https://google.github.io/styleguide/Rguide.html}
}

@article{oman,
  title={A programming style taxonomy},
  author={Oman, Paul W and Cook, Curtis R},
  journal={Journal of Systems and Software},
  volume={15},
  number={3},
  pages={287--301},
  year={1991},
  publisher={Elsevier}
}

@manual{tidyverse,
  title={The tidyverse style guide},
  author={Wickham, Hadley},
  year={2017},
  url={https://style.tidyverse.org/}
}

@manual{bioconductor,
  title={Coding style},
  author={Bioconductor},
  year={2015},
  url={https://www.bioconductor.org/developers/how-to/coding-style/}
}

@manual{cranminihowto,
  title={CRAN Mirror HOWTO/FAQ},
  author={CRAN},
  year={2019},
  url={https://cran.r-project.org/mirror-howto.html}
}

@manual{lintr,
  title = {lintr: A 'Linter' for {R} Code},
  author = {Jim Hester and Florent Angly},
  year = {2019},
  note = {R package version 2.0.0},
  url = {https://CRAN.R-project.org/package=lintr},
}

@inproceedings{pons,
  title={Computing communities in large networks using random walks},
  author={Pons, Pascal and Latapy, Matthieu},
  booktitle={International symposium on computer and information sciences},
  pages={284--293},
  year={2005},
  organization={Springer}
}

@manual{vanderplas,
  title={Exploring Line Lengths in Python Packages},
  author={Vanderplas, Jake},
  year={2017},
  url={https://jakevdp.github.io/blog/2017/11/09/exploring-line-lengths-in-python-packages/}
}

@manual{christiansen,
  title={Perl Style: Everyone Has an Opinion},
  author={Christiansen, Tom},
  year={1998},
  url={https://www.perl.com/doc/FMTEYEWTK/style/slide1.html/}
}

@manual{mosal,
  title={Nobody talks about the real reason to use Tabs over Spaces.},
  author={Mosal, C},
  year={2019},
  url={https://www.reddit.com/r/javascript/comments/c8drjo/nobody_talks_about_the_real_reason_to_use_tabs/}
}

@manual{chambers,
  title={Assignments with the = Operator.},
  author={Chambers, John},
  year={2001},
  url={http://developer.r-project.org/equalAssign.html}
}

@article{vanrossum,
  title={{PEP} 8: style guide for {P}ython code},
  author={Van Rossum, Guido and Warsaw, Barry and Coghlan, Nick},
  journal={Python. org},
  volume={1565},
  year={2001}
}

@article{csardi,
  title = {The igraph software package for complex network research},
  author = {Gabor Csardi and Tamas Nepusz},
  journal = {InterJournal},
  volume = {Complex Systems},
  pages = {1695},
  year = {2006},
  url = {http://igraph.org},
}

@manual{chan2,
  author       = {Chan, C-h},
  title        = {chainsawriot/baaugwo},
  month        = sep,
  year         = 2020,
  url          = {https://doi.org/10.5281/zenodo.4016596}
}

@book{gillespie2016efficient,
  title={Efficient {R} programming: {a} practical guide to smarter programming},
  author={Gillespie, Colin and Lovelace, Robin},
  year={2016},
  publisher={"O'Reilly Media, Inc."}
}

@techreport{page1999pagerank,
  title={The PageRank citation ranking: Bringing order to the web.},
  author={Page, Lawrence and Brin, Sergey and Motwani, Rajeev and Winograd, Terry},
  year={1999},
  institution={Stanford InfoLab}
}

@Article{bafatakis:2019:PCS,
  author       = {Bafatakis, Nikolaos and Boecker, Niels and Boon,
                  Wenjie and Cabello Salazar, Martin and Krinke, Jens
                  and Oznacar, Gazi and White, Robert},
  title	       = {{Python Coding Style Compliance on Stack Overflow}},
  year	       = 2019,
  month	       = {May},
  doi	       = {10.1109/msr.2019.00042},
  url	       = {http://dx.doi.org/10.1109/MSR.2019.00042},
  isbn	       = 9781728134123,
  journal      = {2019 IEEE/ACM 16th International Conference on
                  Mining Software Repositories (MSR)},
  publisher    = {IEEE}
}

