@Manual{R,
  title = {R: A Language and Environment for Statistical Computing},
  author = {{R Core Team}},
  organization = {R Foundation for Statistical Computing},
  address = {Vienna, Austria},
  year = {2016},
  note = {{ISBN} 3-900051-07-0},
  url = {https://www.R-project.org/},
}

@article{ihaka:1996,
  Author = {Ihaka, Ross and Gentleman, Robert},
	Journal = {Journal of Computational and Graphical Statistics},
	Number = 3,
	Pages = {299--314},
	Title = {R: A Language for Data Analysis and Graphics},
	Volume = 5,
	Year = 1996,
        url = {https://doi.org/10.1080/10618600.1996.10474713}
}

@article{baaaath,
 title = {The state of naming conventions in R},
 author = {B{\aa}{\aa}th, Rasmus},
 journal = {The R journal},
 volume = {4},
 number = {2},
 pages = {74--75},
 year = {2012},
 publisher = {R Foundation for Statistical Computing}
}

@article{elish,
  title={The adherence of open source java programmers to standard coding practices},
  author={Elish, Mahmoud Omar and Offutt, Jeff},
  year={2002}
}

@article{wang,
  title={The Effects of Programming Style on Open Source Collaboration},
  author={Wang, Zhiyi and Hahn, Jungpil},
  year={2017}
}

@manual{google,
  title={Google's R Style Guide},
  author={Google},
  year={2019},
  url={https://google.github.io/styleguide/Rguide.html}
}

@article{oman,
  title={A programming style taxonomy},
  author={Oman, Paul W and Cook, Curtis R},
  journal={Journal of Systems and Software},
  volume={15},
  number={3},
  pages={287--301},
  year={1991},
  publisher={Elsevier}
}

@manual{tidyverse,
  title={The tidyverse style guide},
  author={Wickham, Hadley},
  year={2017},
  url={https://style.tidyverse.org/}
}

@manual{bioconductor,
  title={Coding style},
  author={Bioconductor},
  year={2015},
  url={https://www.bioconductor.org/developers/how-to/coding-style/}
}

@manual{cranminihowto,
  title={CRAN Mirror HOWTO/FAQ},
  author={CRAN},
  year={2019},
  url={https://cran.r-project.org/mirror-howto.html}
}

@manual{lintr,
  title = {lintr: A 'Linter' for R Code},
  author = {Jim Hester and Florent Angly},
  year = {2019},
  note = {R package version 2.0.0},
  url = {https://CRAN.R-project.org/package=lintr},
}

@inproceedings{pons,
  title={Computing communities in large networks using random walks},
  author={Pons, Pascal and Latapy, Matthieu},
  booktitle={International symposium on computer and information sciences},
  pages={284--293},
  year={2005},
  organization={Springer}
}

@manual{vanderplas,
  title={Exploring Line Lengths in Python Packages},
  author={Vanderplas, Jake},
  year={2017},
  url={https://jakevdp.github.io/blog/2017/11/09/exploring-line-lengths-in-python-packages/}
}

@manual{christiansen,
  title={Perl Style: Everyone Has an Opinion},
  author={Christiansen, Tom},
  year={1998},
  url={https://www.perl.com/doc/FMTEYEWTK/style/slide1.html/}
}

@manual{mosal,
  title={Nobody talks about the real reason to use Tabs over Spaces.},
  author={Mosal, C},
  year={2019},
  url={https://www.reddit.com/r/javascript/comments/c8drjo/nobody_talks_about_the_real_reason_to_use_tabs/}
}

@manual{chambers,
  title={Assignments with the = Operator.},
  author={Chambers, John},
  year={2001},
  url={http://developer.r-project.org/equalAssign.html}
}

@article{vanrossum,
  title={PEP 8: style guide for Python code},
  author={Van Rossum, Guido and Warsaw, Barry and Coghlan, Nick},
  journal={Python. org},
  volume={1565},
  year={2001}
}

@article{csardi,
  title = {The igraph software package for complex network research},
  author = {Gabor Csardi and Tamas Nepusz},
  journal = {InterJournal},
  volume = {Complex Systems},
  pages = {1695},
  year = {2006},
  url = {http://igraph.org},
}